<record><leader>00000cas a22000007a 4500</leader><controlfield tag="001">19752649</controlfield><controlfield tag="008">890523d18481849pauwr ne      0   a0eng d</controlfield><datafield ind1=" " ind2=" " tag="010"><subfield code="a">sn 89077548 </subfield></datafield><datafield ind1=" " ind2=" " tag="040"><subfield code="a">NPH</subfield><subfield code="b">eng</subfield><subfield code="c">NPH</subfield><subfield code="d">OCLCQ</subfield><subfield code="d">DLC</subfield></datafield><datafield ind1="0" ind2=" " tag="022"><subfield code="a">2469-3480</subfield><subfield code="2">1</subfield></datafield><datafield ind1=" " ind2=" " tag="042"><subfield code="a">msc</subfield><subfield code="a">nsdp</subfield></datafield><datafield ind1="1" ind2="0" tag="050"><subfield code="a">ISSN RECORD</subfield></datafield><datafield ind1="1" ind2="0" tag="082"><subfield code="a">071</subfield><subfield code="2">23</subfield></datafield><datafield ind1=" " ind2="0" tag="222"><subfield code="a">Reading gazette, and Jefferson Democrat</subfield></datafield><datafield ind1="0" ind2="0" tag="245"><subfield code="a">Reading gazette, and Jefferson Democrat.</subfield></datafield><datafield ind1="1" ind2="3" tag="246"><subfield code="a">Gazette and Democrat</subfield></datafield><datafield ind1="1" ind2="3" tag="246"><subfield code="a">Gazette &amp; Democrat</subfield></datafield><datafield ind1=" " ind2=" " tag="260"><subfield code="a">Reading [Pa.] :</subfield><subfield code="b">J. Lawrence Getz,</subfield><subfield code="c">1848-1849.</subfield></datafield><datafield ind1=" " ind2=" " tag="300"><subfield code="a">v. :</subfield><subfield code="b">ill. (chiefly advertisements)</subfield></datafield><datafield ind1=" " ind2=" " tag="310"><subfield code="a">Weekly</subfield></datafield><datafield ind1="0" ind2=" " tag="362"><subfield code="a">Vol. 9, no. 8 (July 1, 1848)-v. 10, no. 34 (Dec. 29, 1849) = whole no. 425-503.</subfield></datafield><datafield ind1=" " ind2=" " tag="752"><subfield code="a">United States</subfield><subfield code="b">Pennsylvania</subfield><subfield code="c">Berks</subfield><subfield code="d">Reading.</subfield></datafield><datafield ind1="0" ind2="4" tag="780"><subfield code="t">Reading gazette</subfield><subfield code="x">2469-3502</subfield><subfield code="w">(DLC)sn 85036131</subfield><subfield code="w">(OCoLC)12574649</subfield></datafield><datafield ind1="0" ind2="4" tag="780"><subfield code="t">Jefferson Democrat (Reading, Pa.)</subfield><subfield code="x">2469-3499</subfield><subfield code="w">(DLC)sn 85055196</subfield><subfield code="w">(OCoLC)12595215</subfield></datafield><datafield ind1="0" ind2="0" tag="785"><subfield code="t">Reading gazette and Democrat</subfield><subfield code="x">2469-3472</subfield><subfield code="w">(DLC)sn 84026344</subfield><subfield code="w">(OCoLC)10422367</subfield></datafield></record>